@BOOK{BOOK:1,
AUTHOR="Mark Russinovich, David A. Solomon, Alex Ionescu",
TITLE="Windows Internals 6th Edition Part 1",
PUBLISHER="Microsoft Press",
YEAR="2016",
}

@BOOK{BOOK:2,
AUTHOR="Jason A. Kappel, Anthony T. Velte, Toby J. Velte",
TITLE="Microsoft Virtualization with Hyper-V",
PUBLISHER="The McGraw-Hill Companies",
YEAR="2009",
}

@BOOK{BOOK:3,
AUTHOR="Mark Russinovich, David A. Solomon, Alex Ionescu",
TITLE="Windows Internals 6th Edition Part 2",
PUBLISHER="Microsoft Press",
YEAR="2017",
}

